<record><leader>00000cas a2200000 a 4500</leader><controlfield tag="001">12891132</controlfield><controlfield tag="008">851210d18871892inudn ne      0    0eng c</controlfield><datafield ind1=" " ind2=" " tag="010"><subfield code="a">sn 85048223 </subfield></datafield><datafield ind1=" " ind2=" " tag="040"><subfield code="a">NPI</subfield><subfield code="b">eng</subfield><subfield code="c">NPI</subfield><subfield code="d">MHN</subfield><subfield code="d">OCLCQ</subfield><subfield code="d">OCLCF</subfield><subfield code="d">OCLCO</subfield><subfield code="d">IUL</subfield></datafield><datafield ind1=" " ind2=" " tag="042"><subfield code="a">pcc</subfield></datafield><datafield ind1=" " ind2=" " tag="043"><subfield code="a">n-us-in</subfield></datafield><datafield ind1="0" ind2="0" tag="245"><subfield code="a">Connersville daily news.</subfield></datafield><datafield ind1="1" ind2="3" tag="246"><subfield code="a">Daily news</subfield></datafield><datafield ind1=" " ind2=" " tag="260"><subfield code="a">Connersville, Ind. :</subfield><subfield code="b">W.F. Downs &amp; Della C. Smith,</subfield><subfield code="c">-1892.</subfield></datafield><datafield ind1=" " ind2=" " tag="300"><subfield code="a">v. :</subfield><subfield code="b">ill. (chiefly advertisements) ;</subfield><subfield code="c">56 cm.</subfield></datafield><datafield ind1=" " ind2=" " tag="310"><subfield code="a">Daily (except Sun.)</subfield></datafield><datafield ind1="0" ind2=" " tag="362"><subfield code="a">-vol. 6, no. 1,625 (November 19, 1892).</subfield></datafield><datafield ind1="1" ind2=" " tag="362"><subfield code="a">Began on June 9, 1887.</subfield><subfield code="z">Cf. Miller, John W. Indiana newspaper bibliog.</subfield></datafield><datafield ind1=" " ind2=" " tag="500"><subfield code="a">"Republican" Cf. Miller.</subfield></datafield><datafield ind1=" " ind2=" " tag="588"><subfield code="a">Description based on: Vol. 2, no. 123 (Nov. 1, 1888) = whole no. 434; title from masthead.</subfield></datafield><datafield ind1=" " ind2="0" tag="651"><subfield code="a">Connersville (Ind.)</subfield><subfield code="v">Newspapers.</subfield></datafield><datafield ind1=" " ind2="0" tag="651"><subfield code="a">Fayette County (Ind.)</subfield><subfield code="v">Newspapers.</subfield></datafield><datafield ind1=" " ind2="7" tag="651"><subfield code="a">Indiana</subfield><subfield code="z">Connersville.</subfield><subfield code="2">fast</subfield><subfield code="0">(OCoLC)fst01235714</subfield></datafield><datafield ind1=" " ind2="7" tag="651"><subfield code="a">Indiana</subfield><subfield code="z">Fayette County.</subfield><subfield code="2">fast</subfield><subfield code="0">(OCoLC)fst01213220</subfield></datafield><datafield ind1=" " ind2="7" tag="655"><subfield code="a">Newspapers.</subfield><subfield code="2">fast</subfield><subfield code="0">(OCoLC)fst01423814</subfield></datafield><datafield ind1=" " ind2=" " tag="752"><subfield code="a">United States</subfield><subfield code="b">Indiana</subfield><subfield code="c">Fayette</subfield><subfield code="d">Connersville.</subfield></datafield><datafield ind1="0" ind2="0" tag="785"><subfield code="t">Daily news (Connersville, Ind.)</subfield><subfield code="w">(DLC)sn 85048224</subfield><subfield code="w">(OCoLC)12891137</subfield></datafield><datafield ind1="4" ind2="1" tag="856"><subfield code="u">https://access.newspaperarchive.com/us/indiana/connersville/connersville-daily-news/</subfield></datafield><datafield ind1="1" ind2=" " tag="029"><subfield code="a">AU@</subfield><subfield code="b">000023532911</subfield></datafield></record>